
%% ======= OVERVIEW, HISTORY AND PROBLEMS =======

@incollection{BOCHMAN2007557,
title = "Nonmonotonic Reasoning",
editor = "Dov M. Gabbay and John Woods",
series = "Handbook of the History of Logic",
publisher = "North-Holland",
volume = "8",
pages = "557 - 632",
year = "2007",
booktitle = "The Many Valued and Nonmonotonic Turn in Logic",
issn = "1874-5857",
doi = "https://doi.org/10.1016/S1874-5857(07)80012-4",
url = "http://www.sciencedirect.com/science/article/pii/S1874585707800124",
author = "Alexander Bochman"
}

%% ======= FOUNDATIONS =======

@article{moore1985semantical,
  title={Semantical considerations on nonmonotonic logic},
  author={Moore, Robert C},
  journal={Artificial intelligence},
  volume={25},
  number={1},
  pages={75--94},
  year={1985},
  publisher={Elsevier}
}

@incollection{mccarthy1981circumscription,
  title={Circumscriptionâ€”a form of non-monotonic reasoning},
  author={McCarthy, John},
  booktitle={Readings in Artificial Intelligence},
  pages={466--472},
  year={1981},
  publisher={Elsevier}
}

@article{reiter1980logic,
  title={A logic for default reasoning},
  author={Reiter, Raymond},
  journal={Artificial intelligence},
  volume={13},
  number={1-2},
  pages={81--132},
  year={1980},
  publisher={Elsevier}
}

@article{mcdermott1980non,
  title={Non-monotonic logic I},
  author={McDermott, Drew and Doyle, Jon},
  journal={Artificial intelligence},
  volume={13},
  number={1-2},
  pages={41--72},
  year={1980},
  publisher={Elsevier}
}



%% ======= COMPLEXITY =======

@article{thomas2010complexity,
  title={Complexity of non-monotonic logics},
  author={Thomas, Michael and Vollmer, Heribert},
  journal={arXiv preprint arXiv:1009.1990},
  year={2010}
}


@article{gottlob1992complexity,
  title={Complexity results for nonmonotonic logics},
  author={Gottlob, Georg},
  journal={Journal of Logic and Computation},
  volume={2},
  number={3},
  pages={397--425},
  year={1992},
  publisher={Dov Gabbay}
}

@inproceedings{lifschitz1985computing,
  title={Computing circumscription.},
  author={Lifschitz, Vladimir},
  booktitle={IJCAI},
  volume={85},
  pages={121--127},
  year={1985}
}


%% ======= SPECIFIC APPLICATIONS =======

%% ======= SPECIFIC APPLICATIONS: COGNITIVE SCIENCE =======

@incollection{isaac2014logic,
  title={Logic and complexity in cognitive science},
  author={Isaac, Alistair MC and Szymanik, Jakub and Verbrugge, Rineke},
  booktitle={Johan van Benthem on logic and information dynamics},
  pages={787--824},
  year={2014},
  publisher={Springer}
}

@article{evans2002logic,
  title={Logic and human reasoning: An assessment of the deduction paradigm.},
  author={Evans, Jonathan St BT},
  journal={Psychological bulletin},
  volume={128},
  number={6},
  pages={978},
  year={2002},
  publisher={US: American Psychological Association}
}


%% ======= SPECIFIC APPLICATIONS: ETHICS =======

@article{horty1994moral,
  title={Moral dilemmas and nonmonotonic logic},
  author={Horty, John F},
  journal={Journal of philosophical logic},
  volume={23},
  number={1},
  pages={35--65},
  year={1994},
  publisher={Springer}
}

%% ======= SPECIFIC APPLICATIONS: LAW =======

@article{prakken2015law,
  title={Law and logic: a review from an argumentation perspective},
  author={Prakken, Henry and Sartor, Giovanni},
  journal={Artificial Intelligence},
  volume={227},
  pages={214--245},
  year={2015},
  publisher={Elsevier}
}

@article{bench1997argument,
  title={Argument in artificial intelligence and law},
  author={Bench-Capon, Trevor},
  journal={Artificial Intelligence and Law},
  volume={5},
  number={4},
  pages={249--261},
  year={1997},
  publisher={Springer}
}

@InCollection{nonmonoton_stanford2018,
	author       =	{Strasser, Christian and Antonelli, G. Aldo},
	title        =	{Non-monotonic Logic},
	booktitle    =	{The Stanford Encyclopedia of Philosophy},
	editor       =	{Edward N. Zalta},
	howpublished =	{\url{https://plato.stanford.edu/archives/sum2018/entries/logic-nonmonotonic/}},
	year         =	{2018},
	edition      =	{Summer 2018},
	publisher    =	{Metaphysics Research Lab, Stanford University}
}

@InCollection{defeasible_stanford2018,
	author       =	{Koons, Robert},
	title        =	{Defeasible Reasoning},
	booktitle    =	{The Stanford Encyclopedia of Philosophy},
	editor       =	{Edward N. Zalta},
	howpublished =	{\url{https://plato.stanford.edu/archives/win2017/entries/reasoning-defeasible/}},
	year         =	{2017},
	edition      =	{Winter 2017},
	publisher    =	{Metaphysics Research Lab, Stanford University}
}


@incollection{mccarthy1981some,
  title={Some philosophical problems from the standpoint of artificial intelligence},
  author={McCarthy, John and Hayes, Patrick J},
  booktitle={Readings in artificial intelligence},
  pages={431--450},
  year={1981},
  publisher={Elsevier}
}

@article{lifschitz2015dramatic,
  title={The dramatic true story of the frame default},
  author={Lifschitz, Vladimir},
  journal={Journal of Philosophical Logic},
  volume={44},
  number={2},
  pages={163--176},
  year={2015},
  publisher={Springer}
}

@InCollection{stanford2016frame,
	author       =	{Shanahan, Murray},
	title        =	{The Frame Problem},
	booktitle    =	{The Stanford Encyclopedia of Philosophy},
	editor       =	{Edward N. Zalta},
	howpublished =	{\url{https://plato.stanford.edu/archives/spr2016/entries/frame-problem/}},
	year         =	{2016},
	edition      =	{Spring 2016},
	publisher    =	{Metaphysics Research Lab, Stanford University}
}

@incollection{ginsberg1987reasoning,
  title={Reasoning about action I: A possible worlds approach},
  author={Ginsberg, Matthew L and Smith, David E},
  booktitle={The frame problem in artificial intelligence},
  pages={233--258},
  year={1987},
  publisher={Elsevier}
}

@book{bochman2005explanatory,
  title={Explanatory nonmonotonic reasoning},
  author={Bochman, Alexander},
  volume={4},
  year={2005},
  publisher={World scientific}
}

@book{brewka1997nonmonotonic,
  title={Nonmonotonic reasoning: an overview},
  author={Brewka, Gerhard and Dix, J{\"u}rgen and Konolige, Kurt},
  volume={73},
  year={1997},
  publisher={CSLI publications Stanford}
}

@incollection{reiter1981closed,
  title={On closed world data bases},
  author={Reiter, Raymond},
  booktitle={Readings in artificial intelligence},
  pages={119--140},
  year={1981},
  publisher={Elsevier}
}

@article{lifschitz1996circumscription,
  title={Circumscription},
  author={Lifschitz, Vladimir},
  year={1996},
  publisher={Citeseer}
}

@article{kraus1990nonmonotonic,
  title={Nonmonotonic reasoning, preferential models and cumulative logics},
  author={Kraus, Sarit and Lehmann, Daniel and Magidor, Menachem},
  journal={Artificial intelligence},
  volume={44},
  number={1-2},
  pages={167--207},
  year={1990},
  publisher={Elsevier}
}


@incollection{ANTONIOU2007517,
title = "Default Logic",
editor = "Dov M. Gabbay and John Woods",
series = "Handbook of the History of Logic",
publisher = "North-Holland",
volume = "8",
pages = "517 - 555",
year = "2007",
booktitle = "The Many Valued and Nonmonotonic Turn in Logic",
issn = "1874-5857",
doi = "https://doi.org/10.1016/S1874-5857(07)80011-2",
url = "http://www.sciencedirect.com/science/article/pii/S1874585707800112",
author = "Grigoris Antoniou and Kewen Wang"
}


@Article{Prakken2017,
author="Prakken, Henry",
title="On the problem of making autonomous vehicles conform to traffic law",
journal="Artificial Intelligence and Law",
year="2017",
month="Sep",
day="01",
volume="25",
number="3",
pages="341--363",
abstract="Autonomous vehicles are one of the most spectacular recent developments of Artificial Intelligence. Among the problems that still need to be solved before they can fully autonomously participate in traffic is the one of making their behaviour conform to the traffic laws. This paper discusses this problem by way of a case study of Dutch traffic law. First it is discussed to what extent Dutch traffic law exhibits features that are traditionally said to pose challenges for AI {\&} Law models, such as exceptions, rule conflicts, open texture and vagueness, rule change, and the need for commonsense knowledge. Then three approaches to the design of law-conforming AV are evaluated in light of the challenges posed by Dutch traffic law, which includes an assessment of the usefulness of AI {\&} Law models of nonmonotonic reasoning, argumentation and case-based reasoning.",
issn="1572-8382",
doi="10.1007/s10506-017-9210-0",
url="https://doi.org/10.1007/s10506-017-9210-0"
}

@Article{Verheij2000,
author="Verheij, Bart",
title="Henry Prakken (1997). Logical Tools for Modelling Legal Argument. A Study of Defeasible Reasoning in Law",
journal="Artificial Intelligence and Law",
year="2000",
month="Dec",
day="01",
volume="8",
number="1",
pages="35--65",
issn="1572-8382",
doi="10.1023/A:1008318016098",
url="https://doi.org/10.1023/A:1008318016098"
}


