
@article{james2012multiple,
  title={The multiple contexts of Bretton Woods},
  author={James, Harold},
  journal={Oxford Review of Economic Policy},
  volume={28},
  number={3},
  pages={411--430},
  year={2012},
  publisher={Oxford University Press UK}
}


@article{jankovic2018perspectives,
  title={Perspectives of the international monetary system},
  author={Jankovic, Nenad},
  journal={Ekonomski horizonti},
  volume={20},
  number={1},
  pages={75--89},
  year={2018}
}

@article{bordo2014tales,
  title={Tales from the Bretton woods},
  author={Bordo, Michael D},
  journal={Open Economies Review},
  volume={25},
  number={5},
  pages={981--991},
  year={2014},
  publisher={Springer}
}

@incollection{bordo1993bretton,
  title={The Bretton Woods international monetary system: a historical overview},
  author={Bordo, Michael D},
  booktitle={A retrospective on the Bretton Woods system: Lessons for international monetary reform},
  pages={3--108},
  year={1993},
  publisher={University of Chicago Press}
}



@book{SteilBenn2013TboB,
keywords = {Keynes, John Maynard, 1883-1946; White, Harry Dexter, 1892-1948; Monetary policy -- History -- 20th century; International finance -- History -- 20th century},
publisher = {Princeton University Press},
isbn = {9780691149097},
year = {2013},
title = {The battle of Bretton Woods : John Maynard Keynes, Harry Dexter White, and the making of a new world order},
language = {eng},
address = {Princeton},
author = {Steil, Benn},
}

@book{2012Tcwo,
keywords = {Electronic books},
series = {The Collected Writings of John Maynard Keynes},
publisher = {Cambridge University Press},
isbn = {9781139524131},
year = {2012},
title = {The collected writings of John Maynard Keynes Volume 26. Activities 1941-1946: Shaping the Post-War World: Bretton Woods and Reparations.},
language = {eng},
address = {Cambridge},
}





@article{KlimiukZbigniew2016TPaO,

month = {July},
url = {http://search.proquest.com/docview/1963102104/},
issn = {20805268},
journal = {Internal Security},
pages = {225--257},
volume = {8},
publisher = {Police Academy in Szczytno},
number = {2},
year = {2016},
title = {The Principles and Operation of the Bretton Woods International Monetary System in the Years 1944-1971. The Reasons for Its Collapse},
language = {eng},
address = {Szczytno},
author = {Klimiuk, Zbigniew},
}



@article{keynes1980proposal,
  title={Proposal for an international currency union},
  author={Keynes, John Maynard},
  journal={URL: https://www. singleglobalcurrency. org/documents/DAR eformingtheGlobalFinancialArchitecturehyper. pdf},
  pages={36--39},
  year={1980}
}


@book{KeynesJohnMaynard2003Teco,
keywords = {Economic history -- 1918-1945; World War, 1914-1918 -- Economic aspects; Treaty of Versailles (1919 June 28)},
lccn = {2003040993},
publisher = {Transaction Publishers},
isbn = {0765805294},
year = {2003},
title = {The economic consequences of the peace},
language = {eng},
address = {New Brunswick, N.J.},
author = {Keynes, John Maynard},
}

@book{CohenBenjaminJ2004Tfom,
keywords = {International finance; Monetary policy; Monetary unions; Money},
publisher = {Princeton University Press},
isbn = {0691116652},
year = {2004},
title = {The future of money},
language = {eng},
address = {Princeton, N.J. ; Oxford},
author = {Cohen, Benjamin J},
}

@book{2012Tcwo,
keywords = {Electronic books},
series = {The Collected Writings of John Maynard Keynes},
publisher = {Cambridge University Press},
isbn = {9781139524131},
year = {2012},
title = {The collected writings of John Maynard Keynes Volume 26. Activities 1941-1946: Shaping the Post-War World: Bretton Woods and Reparations.},
language = {eng},
address = {Cambridge},
}

@book{cohen1998geography,
  title={The geography of money},
  author={Cohen, Benjamin J},
  year={1998},
  publisher={Cornell University Press}
}

@book{BeaudMichel1983Ahoc,
publisher = {Monthly Reveiew Press},
isbn = {0853456267},
year = {1983},
title = {A history of capitalism, 1500-1800},
language = {eng;fre},
address = {New York},
author = {Beaud, Michel},
keywords = {Economic history; Capitalism -- History},
}


@book{kindleberger1986world,
  title={The world in depression, 1929-1939},
  author={Kindleberger, Charles Poor and others},
  volume={4},
  year={1986},
  publisher={Univ of California Press}
}


@book{1993Arot,
publisher = {University of Chicago Press},
isbn = {0226065871},
year = {1993},
title = {A retrospective on the Bretton Woods system : lessons for international monetary reform},
author={Bordo, Michael D and Eichengreen, Barry},
language = {eng},
address = {Chicago ; London},
keywords = {International finance -- History; Monetary policy},
lccn = {92030913},
}


@article{hammes2005black,
  title={Black gold: The end of Bretton Woods and the oil-price shocks of the 1970s},
  author={Hammes, David and Wills, Douglas},
  journal={The Independent Review},
  volume={9},
  number={4},
  pages={501--511},
  year={2005},
  publisher={JSTOR}
}

@article{hunt2006oil,
  title={Oil price shocks and the US stagflation of the 1970s: Some insights from GEM},
  author={Hunt, Benjamin},
  journal={The Energy Journal},
  pages={61--80},
  year={2006},
  publisher={JSTOR}
}


@article{barsky2001we,
  title={Do we really know that oil caused the great stagflation? A monetary alternative},
  author={Barsky, Robert B and Kilian, Lutz},
  journal={NBER Macroeconomics annual},
  volume={16},
  pages={137--183},
  year={2001},
  publisher={MIT Press}
}


@book{OlsonMancur1982Trad,
publisher = {Yale University Press},
isbn = {9780300030792},
year = {1982},
title = {The rise and decline of nations : economic growth, stagflation, and social rigidities},
language = {eng},
address = {New Haven ; London},
author = {Olson, Mancur},
keywords = {Economic development; Unemployment -- Effect of inflation on; Caste -- India; Economics},
}

@book{JonesDanielStedman2014Motu,
isbn = {9780691161013},
year = {2014},
title = {Masters of the universe : Hayek, Friedman, and the birth of neoliberal politics},
edition = {Revised edition with a new preface by the author.},
language = {eng},
author = {Jones, Daniel Stedman},
keywords = {Hayek, Friedrich A. von (Friedrich August), 1899-1992 -- Influence; Friedman, Milton, 1912-2006 -- Influence; Neoliberalism -- History; Economic policy; Economics -- Political aspects},
}

@book{TrevithickJamesAnthony1992Ium,
publisher = {Harvester Wheatsheaf},
isbn = {074500055x},
year = {1992},
title = {Involuntary unemployment : macroeconomics from a Keynesian perspective},
language = {eng},
address = {Hemel Hempstead},
author = {Trevithick, James Anthony},
keywords = {Keynesian economics; Macroeconomics},
}

@book{KotzDavidMDavidMichael2015Traf,
isbn = {9780674725652},
year = {2015},
title = {The rise and fall of neoliberal capitalism},
language = {eng},
author = {Kotz, David M. (David Michael)},
keywords = {Neoliberalism; Capitalism; United States -- Economic policy},
lccn = {2014017153},
}

@book{1977TEot,
publisher = {Macmillan},
isbn = {0333213068},
year = {1977},
title = {The End of the Keynesian era : essays on the disintegration of the Keynesian political economy},
author={Skidelsky, Robert Jacob Alexander},
language = {eng},
address = {London},
keywords = {Economic history -- 20th century},
}

@article{sally2000hayek,
  title={Hayek and International Economic Order},
  author={Sally, Razeen},
  journal={ORDO: Jahrbuch f{\"u}r die Ordnung von Wirtschaft und Gesellschaft},
  volume={51},
  pages={97--118},
  year={2000},
  publisher={JSTOR}
}


