@book{enderton2001mathematical,
  title={A mathematical introduction to logic},
  author={Enderton, Herbert and Enderton, Herbert B},
  year={2001},
  publisher={Elsevier}
}


@InCollection{seplogicalconsequence,
	author       =	{Beall, Jc and Restall, Greg and Sagi, Gil},
	title        =	{Logical Consequence},
	booktitle    =	{The Stanford Encyclopedia of Philosophy},
	editor       =	{Edward N. Zalta},
	howpublished =	{\url{https://plato.stanford.edu/archives/spr2019/entries/logical-consequence/}},
	year         =	{2019},
	edition      =	{Spring 2019},
	publisher    =	{Metaphysics Research Lab, Stanford University}
}


@book{audi1999cambridge,
  title={The Cambridge dictionary of philosophy},
  author={Audi, Robert and Audi, Paul},
  volume={584},
  year={1999},
  publisher={Cambridge university press Cambridge}
}


@misc{LoCo,
  author        = {Agata Ciabattoni},
  title         = {Lecture notes of Logic and Computability},
  month         = {October},
  year          = {2017},
  publisher={TU Vienna}
}

@misc{kbs,
  author        = {Uwe Egly},
  title         = {Lecture notes of Knowledge Based SystemsÂ§},
  month         = {April},
  year          = {2018},
  publisher={TU Vienna}
}


@book{comp,
  title={Computable Structure Theory: Within the arithmetic},
  author={Antonio Montalban},
  year={2018},
}


@article{evans2002logic,
  title={Logic and human reasoning: An assessment of the deduction paradigm.},
  author={Evans, Jonathan St BT},
  journal={Psychological bulletin},
  volume={128},
  number={6},
  pages={978},
  year={2002},
  publisher={American Psychological Association}
}


@misc{peter,
  title = {Paradoxes of Material Implication},
  author={Peter Suber},
  howpublished = {\url{https://legacy.earlham.edu/~peters/courses/log/mat-imp.htm}},
  note = {Accessed: 2010-03-21}
}

@misc{wiki,
  title = {Paradoxes of Material Implication},
  author={Wikipedia},
  howpublished = {\url{https://en.wikipedia.org/wiki/Paradoxes_of_material_implication}},
  note = {Accessed: 2010-03-21}
}


@misc{ox,
  title = {Paradoxes of Material Implication},
  author={Oxford Reference},
  howpublished = {\url{http://www.oxfordreference.com/view/10.1093/oi/authority.20110803100139775}},
  note = {Accessed: 2010-03-21}
}



@misc{wikiT,
  title = {Tautology (Logic)},
  author={Wikipedia},
  howpublished = {\url{https://en.wikipedia.org/wiki/Tautology_(logic)}},
  note = {Accessed: 2010-03-21}
}

@misc{wikiCNF,
  title = {Tseytin transformation},
  author={Wikipedia},
  howpublished = {\url{https://en.wikipedia.org/wiki/Tseytin_transformation}},
  note = {Accessed: 2010-03-23}
}

