@inproceedings{wohlin2014guidelines,
  title={Guidelines for snowballing in systematic literature studies and a replication in software engineering},
  author={Wohlin, Claes},
  booktitle={Proceedings of the 18th international conference on evaluation and assessment in software engineering},
  pages={1--10},
  year={2014}
}



% START SET ####################################################################################

@article{van2019separators,
  title={Separators and adjustment sets in causal graphs: Complete criteria and an algorithmic framework},
  author={van der Zander, Benito and Li{\'s}kiewicz, Maciej and Textor, Johannes},
  journal={Artificial Intelligence},
  volume={270},
  pages={1--40},
  year={2019},
  publisher={Elsevier}
}

@article{verheij2017proof,
  title={Proof with and without probabilities},
  author={Verheij, Bart},
  journal={Artificial Intelligence and Law},
  volume={25},
  number={1},
  pages={127--154},
  year={2017},
  publisher={Springer}
}

@article{chen2019judicial,
  title={Judicial analytics and the great transformation of American Law},
  author={Chen, Daniel L},
  journal={Artificial Intelligence and Law},
  volume={27},
  number={1},
  pages={15--42},
  year={2019},
  publisher={Springer}
}

@article{neil2019modelling,
  title={Modelling competing legal arguments using Bayesian model comparison and averaging},
  author={Neil, Martin and Fenton, Norman and Lagnado, David and Gill, Richard David},
  journal={Artificial Intelligence and Law},
  volume={27},
  number={4},
  pages={403--430},
  year={2019},
  publisher={Springer}
}

@article{li2019context,
  title={Context-aware emotion cause analysis with multi-attention-based neural network},
  author={Li, Xiangju and Feng, Shi and Wang, Daling and Zhang, Yifei},
  journal={Knowledge-Based Systems},
  volume={174},
  pages={205--218},
  year={2019},
  publisher={Elsevier}
}

@article{lu2018mining,
  title={Mining strong symbiotic patterns hidden in spatial prevalent co-location patterns},
  author={Lu, Junli and Wang, Lizhen and Fang, Yuan and Zhao, Jiasong},
  journal={Knowledge-Based Systems},
  volume={146},
  pages={190--202},
  year={2018},
  publisher={Elsevier}
}

@article{zhang2018collective,
  title={Collective behavior learning by differentiating personal preference from peer influence},
  author={Zhang, Zan and Liu, Lin and Wang, Hao and Li, Jiuyong and Hu, Daning and Yan, Jiaqi and Algesheimer, Rene and Meierer, Markus},
  journal={Knowledge-Based Systems},
  volume={159},
  pages={233--243},
  year={2018},
  publisher={Elsevier}
}

@article{constantinou2017towards,
  title={Towards smart-data: Improving predictive accuracy in long-term football team performance},
  author={Constantinou, Anthony and Fenton, Norman},
  journal={Knowledge-Based Systems},
  volume={124},
  pages={93--104},
  year={2017},
  publisher={Elsevier}
}

@article{liang2017evaluation,
  title={Evaluation of e-commerce websites: An integrated approach under a single-valued trapezoidal neutrosophic environment},
  author={Liang, Ruxia and Wang, Jianqiang and Zhang, Hongyu},
  journal={Knowledge-Based Systems},
  volume={135},
  pages={44--59},
  year={2017},
  publisher={Elsevier}
}

@article{zhang2017characterizing,
  title={Characterizing causal action theories and their implementations in answer set programming},
  author={Zhang, Haodi and Lin, Fangzhen},
  journal={Artificial Intelligence},
  volume={248},
  pages={1--8},
  year={2017},
  publisher={Elsevier}
}

@article{mu2018measuring,
  title={Measuring inconsistency with constraints for propositional knowledge bases},
  author={Mu, Kedian},
  journal={Artificial Intelligence},
  volume={259},
  pages={52--90},
  year={2018},
  publisher={Elsevier}
}

@article{kronegger2019backdoors,
  title={Backdoors to planning},
  author={Kronegger, Martin and Ordyniak, Sebastian and Pfandler, Andreas},
  journal={Artificial Intelligence},
  volume={269},
  pages={49--75},
  year={2019},
  publisher={Elsevier}
}

@inproceedings{hyttinen2017core,
  title={A Core-Guided Approach to Learning Optimal Causal Graphs.},
  author={Hyttinen, Antti and Saikko, Paul and J{\"a}rvisalo, Matti},
  booktitle={IJCAI},
  pages={645--651},
  year={2017}
}

@inproceedings{zhang2017transfer,
  title={Transfer learning in multi-armed bandit: a causal approach},
  author={Zhang, Junzhe and Bareinboim, Elias},
  booktitle={Proceedings of the 16th Conference on Autonomous Agents and MultiAgent Systems},
  pages={1778--1780},
  year={2017}
}

@inproceedings{zhang2017causal,
  title={Causal discovery from nonstationary/heterogeneous data: Skeleton estimation and orientation determination},
  author={Zhang, Kun and Huang, Biwei and Zhang, Jiji and Glymour, Clark and Sch{\"o}lkopf, Bernhard},
  booktitle={IJCAI: Proceedings of the Conference},
  volume={2017},
  pages={1347},
  year={2017},
  organization={NIH Public Access}
}

@inproceedings{liu2017cause,
  title={Cause-Effect Knowledge Acquisition and Neural Association Model for Solving A Set of Winograd Schema Problems.},
  author={Liu, Quan and Jiang, Hui and Evdokimov, Andrew and Ling, Zhen-Hua and Zhu, Xiaodan and Wei, Si and Hu, Yu},
  booktitle={IJCAI},
  pages={2344--2350},
  year={2017}
}

@article{summerville2017charda,
  title={Charda: Causal hybrid automata recovery via dynamic analysis},
  author={Summerville, Adam and Osborn, Joseph and Mateas, Michael},
  journal={arXiv preprint arXiv:1707.03336},
  year={2017}
}

@article{zhang2016causal,
  title={A causal framework for discovering and removing direct and indirect discrimination},
  author={Zhang, Lu and Wu, Yongkai and Wu, Xintao},
  journal={arXiv preprint arXiv:1611.07509},
  year={2016}
}

@article{albrecht2016exploiting,
  title={Exploiting causality for selective belief filtering in dynamic Bayesian networks},
  author={Albrecht, Stefano V and Ramamoorthy, Subramanian},
  journal={Journal of Artificial Intelligence Research},
  volume={55},
  pages={1135--1178},
  year={2016}
}

@inproceedings{chai2018language,
  title={Language to Action: Towards Interactive Task Learning with Physical Agents.},
  author={Chai, Joyce Y and Gao, Qiaozi and She, Lanbo and Yang, Shaohua and Saba-Sadiya, Sari and Xu, Guangyue},
  booktitle={IJCAI},
  pages={2--9},
  year={2018}
}

@inproceedings{bochman2018actual,
  title={Actual Causality in a Logical Setting.},
  author={Bochman, Alexander},
  booktitle={IJCAI},
  pages={1730--1736},
  year={2018}
}


@inproceedings{ibeling2018conditional,
author = {Ibeling, Duligur and Icard, Thomas},
title = {On the Conditional Logic of Simulation Models},
year = {2018},
isbn = {9780999241127},
publisher = {AAAI Press},
booktitle = {Proceedings of the 27th International Joint Conference on Artificial Intelligence},
pages = {1868–1874},
numpages = {7},
location = {Stockholm, Sweden},
series = {IJCAI’18}
}
  

@inproceedings{laurent2018counterfactual,
  title={Counterfactual Resimulation for Causal Analysis of Rule-Based Models.},
  author={Laurent, Jonathan and Yang, Jean and Fontana, Walter},
  booktitle={IJCAI},
  pages={1882--1890},
  year={2018}
}

@inproceedings{chikahara2018causal,
  title={Causal Inference in Time Series via Supervised Learning.},
  author={Chikahara, Yoichi and Fujino, Akinori},
  booktitle={IJCAI},
  pages={2042--2048},
  year={2018}
}

@inproceedings{zhang2017achieving,
author = {Zhang, Lu and Wu, Yongkai and Wu, Xintao},
title = {Achieving Non-Discrimination in Prediction},
year = {2018},
isbn = {9780999241127},
publisher = {AAAI Press},
booktitle = {Proceedings of the 27th International Joint Conference on Artificial Intelligence},
pages = {3097–3103},
numpages = {7},
location = {Stockholm, Sweden},
series = {IJCAI’18}
}
 
@inproceedings{backstrom2018novel,
  title={Novel Structural Parameters for Acyclic Planning Using Tree Embeddings.},
  author={B{\"a}ckstr{\"o}m, Christer and Jonsson, Peter and Ordyniak, Sebastian},
  booktitle={IJCAI},
  pages={4653--4659},
  year={2018}
}

@inproceedings{jaber2018graphical,
author = {Jaber, Amin and Zhang, Jiji and Bareinboim, Elias},
title = {A Graphical Criterion for Effect Identification in Equivalence Classes of Causal Diagrams},
year = {2018},
isbn = {9780999241127},
publisher = {AAAI Press},
booktitle = {Proceedings of the 27th International Joint Conference on Artificial Intelligence},
pages = {5024–5030},
numpages = {7},
location = {Stockholm, Sweden},
series = {IJCAI’18}
}
  
@inproceedings{sridhar2018scalable,
  title={Scalable Probabilistic Causal Structure Discovery.},
  author={Sridhar, Dhanya and Pujara, Jay and Getoor, Lise},
  booktitle={IJCAI},
  pages={5112--5118},
  year={2018}
}

@inproceedings{wenjuan2018mixed,
  title={Mixed causal structure discovery with application to prescriptive pricing},
  author={Wenjuan, Wei and Lu, Feng and Chunchen, Liu},
  booktitle={Proceedings of the 27th International Joint Conference on Artificial Intelligence},
  pages={5126--5134},
  year={2018},
  organization={AAAI Press}
}



@inproceedings{xu2019achieving,
  author    = {Depeng Xu and
               Yongkai Wu and
               Shuhan Yuan and
               Lu Zhang and
               Xintao Wu},
  editor    = {Sarit Kraus},
  title     = {Achieving Causal Fairness through Generative Adversarial Networks},
  booktitle = {Proceedings of the Twenty-Eighth International Joint Conference on
               Artificial Intelligence, {IJCAI} 2019, Macao, China, August 10-16,
               2019},
  pages     = {1452--1458},
  publisher = {ijcai.org},
  year      = {2019},
  url       = {https://doi.org/10.24963/ijcai.2019/201},
  doi       = {10.24963/ijcai.2019/201},
  timestamp = {Tue, 20 Aug 2019 16:18:18 +0200},
  biburl    = {https://dblp.org/rec/conf/ijcai/XuWYZW19.bib},
  bibsource = {dblp computer science bibliography, https://dblp.org}
}


@inproceedings{zhang2019asp,
  title={ASP-based Discovery of Semi-Markovian Causal Models under Weaker Assumptions},
  author={Zhalama and Jiji Zhang and Frederick Eberhardt and Wolfgang Mayer and Mark Junjie Li},
  booktitle={IJCAI},
  year={2019}
}

@inproceedings{Cai2019CausalDW,
  title={Causal Discovery with Cascade Nonlinear Additive Noise Models},
  author={Ruichu Cai and Jie Qiao and Kun Zhang and Zhenjie Zhang and Zhifeng Hao},
  booktitle={IJCAI},
  year={2019}
}

@inproceedings{Sridhar2019EstimatingCE,
  title={Estimating Causal Effects of Tone in Online Debates},
  author={Dhanya Sridhar and Lise Getoor},
  booktitle={IJCAI},
  year={2019}
}

@inproceedings{xie2019boosting,
  title={Boosting causal embeddings via potential verb-mediated causal patterns},
  author={Xie, Zhipeng and Mu, Feiteng},
  booktitle={Proceedings of the 28th International Joint Conference on Artificial Intelligence},
  pages={1921--1927},
  year={2019},
  organization={AAAI Press}
}

@article{hassanzadeh2019answering,
  title={Answering binary causal questions through large-scale text mining: An evaluation using cause-effect pairs from human experts},
  author={Hassanzadeh, Oktie and Bhattacharjya, Debarun and Feblowitz, Mark and Srinivas, Kavitha and Perrone, Michael and Sohrabi, Shirin and Katz, Michael},
  journal={IJCAI19},
  year={2019}
}

@inproceedings{shankar2019three,
  title={Three-quarter sibling regression for denoising observational data},
  author={Shankar, Shiv and Sheldon, Daniel and Sun, Tao and Pickering, John and Dietterich, Thomas G},
  booktitle={Proceedings of the Twenty-Eighth International Joint Conference on Artificial Intelligence, IJCAI-19},
  pages={5960--5966},
  year={2019}
}

@article{Liepina2019ArguingAC,
  title={Arguing about causes in law: a semi-formal framework for causal arguments},
  author={Ruta Liepina and Giovanni Sartor and Adam Z. Wyner},
  journal={Artificial Intelligence and Law},
  year={2019},
  pages={1-21}
}

@inproceedings{zhang2015characterizing,
  title={Characterizing causal action theories and their implementations in answer set programming: Action languages b, c, and beyond},
  author={Zhang, Haodi and Lin, Fangzhen},
  booktitle={Twenty-Fourth International Joint Conference on Artificial Intelligence},
  year={2015}
}



%####################################################################################

@article{Weslake2015partialtheory,
	author = {Brad Weslake},
	year = {2015},
	title = {A Partial Theory of Actual Causation},
	journal = {British Journal for the Philosophy of Science}
}


@book{beebee2009oxford,
  title={The Oxford handbook of causation},
  author={Beebee, Helen and Hitchcock, Christopher and Menzies, Peter},
  year={2009},
  publisher={Oxford University Press}
}

@book{halpern2016actual,
  title={Actual causality},
  author={Halpern, Joseph Y},
  year={2016},
  publisher={MiT Press}
}

@InCollection{wetzel2018typetoken,
	author       =	{Wetzel, Linda},
	title        =	{Types and Tokens},
	booktitle    =	{The Stanford Encyclopedia of Philosophy},
	editor       =	{Edward N. Zalta},
	howpublished =	{\url{https://plato.stanford.edu/archives/fall2018/entries/types-tokens/}},
	year         =	{2018},
	edition      =	{Fall 2018},
	publisher    =	{Metaphysics Research Lab, Stanford University},
	note = {Accessed: 2020-03-30}
}

@article{hausman2005causal,
  title={Causal relata: Tokens, types, or variables?},
  author={Hausman, Daniel Murray},
  journal={Erkenntnis},
  volume={63},
  number={1},
  pages={33--54},
  year={2005},
  publisher={Springer}
}



@article{baumgartner2013regularity,
  title={A regularity theoretic approach to actual causation},
  author={Baumgartner, Michael},
  journal={Erkenntnis},
  volume={78},
  number={1},
  pages={85--109},
  year={2013},
  publisher={Springer}
}


@inproceedings{erwig2010causal,
  title={Causal reasoning with neuron diagrams},
  author={Erwig, Martin and Walkingshaw, Eric},
  booktitle={2010 IEEE Symposium on Visual Languages and Human-Centric Computing},
  pages={101--108},
  year={2010},
  organization={IEEE}
}


@article{hitchcock2009structural,
  title={Structural equations and causation: six counterexamples},
  author={Hitchcock, Christopher},
  journal={Philosophical Studies},
  volume={144},
  number={3},
  pages={391--401},
  year={2009},
  publisher={Springer}
}


@article{pearl1995causal,
  title={Causal diagrams for empirical research},
  author={Pearl, Judea},
  journal={Biometrika},
  volume={82},
  number={4},
  pages={669--688},
  year={1995},
  publisher={Oxford University Press}
}


@article{halpern2000axiomatizing,
  title={Axiomatizing causal reasoning},
  author={Halpern, Joseph Y},
  journal={Journal of Artificial Intelligence Research},
  volume={12},
  pages={317--337},
  year={2000}
}

@article{halpern2015cause,
  title={Cause, responsibility and blame: a structural-model approach},
  author={Halpern, Joseph Y},
  journal={Law, probability and risk},
  volume={14},
  number={2},
  pages={91--118},
  year={2015},
  publisher={OUP}
}

@book{pearl2009causality,
  title={Causality},
  author={Pearl, Judea},
  year={2009},
  publisher={Cambridge university press}
}


@article{felgner1999independence,
  title={The independence of the prime ideal theorem from the order-extension principle},
  author={Felgner, Ulrich and Truss, John K},
  journal={The Journal of Symbolic Logic},
  volume={64},
  number={1},
  pages={199--215},
  year={1999},
  publisher={Cambridge University Press}
}



@inproceedings{hopkins2003clarifying,
  title={Clarifying the usage of structural models for commonsense causal reasoning},
  author={Hopkins, Mark and Pearl, Judea},
  booktitle={Proceedings of the AAAI Spring Symposium on Logical Formalizations of Commonsense Reasoning},
  pages={83--89},
  year={2003},
  organization={AAAI Press Menlo Park, CA}
}

@article{beckers2018principled,
  title={A principled approach to defining actual causation},
  author={Beckers, Sander and Vennekens, Joost},
  journal={Synthese},
  volume={195},
  number={2},
  pages={835--862},
  year={2018},
  publisher={Springer}
}


@article{hiddleston2005causal,
  title={Causal powers},
  author={Hiddleston, Eric},
  journal={The British journal for the philosophy of science},
  volume={56},
  number={1},
  pages={27--59},
  year={2005},
  publisher={Oxford University Press}
}


@article{hitchcock2007three,
  title={Three concepts of causation},
  author={Hitchcock, Christopher},
  journal={Philosophy Compass},
  volume={2},
  number={3},
  pages={508--516},
  year={2007},
  publisher={Wiley Online Library}
}

@article{halpern2011actual,
  title={Actual causation and the art of modeling},
  author={Halpern, Joseph Y and Hitchcock, Christopher},
  journal={arXiv preprint arXiv:1106.2652},
  year={2011}
}

@inproceedings{batusov2018situation,
  title={Situation calculus semantics for actual causality},
  author={Batusov, Vitaliy and Soutchanski, Mikhail},
  booktitle={Thirty-Second AAAI Conference on Artificial Intelligence},
  year={2018}
}
